@ARTICLE{li2018,
   author = {{Li}, Weitian and {Xu}, Haiguang and {Ma}, Zhixian and {Hu}, Dan and
            {Zhu}, Zhenghao and {Shan}, Chenxi and {Wang}, Jingying and
            {Gu}, Junhua and {Lian}, Xiaoli and {Zheng}, Qian and
            {Zhu}, Jie and {Wu}, Xiang-Ping},
    title = {Contribution of Radio Halos to the Foreground for {SKA} {EoR} Experiments},
  journal = {ArXiv e-prints},
archivePrefix = "arXiv",
   eprint = {????.?????},
     year = 2018,
}
